@book{garrison2011learning,
  title={E-learning in the 21st century: A framework for research and practice},
  author={Garrison, D Randy},
  year={2011},
  publisher={Taylor \& Francis}
}
